%---------------------------------------------------------------------------Books--------------------------------------------------------------------------------------
%------------------------------------------------------------------------------------------------------------------------------------------------------------------------
%------------------------------------------------------------------------------------------------------------------------------------------------------------------------

%-------------------------------------------------Stochastic calculus books

%Introduction to stochastic calculus with applications - Klebaner
@book{klebaner,
  title={Introduction to stochastic calculus with applications},
  author={Klebaner, Fima C},
  year={2012},
  publisher={Imperial College Press}
}

%Book Rogers: Diffusions, markov processes and martingales Vol 2
@book{rogers2000diffusions,
  title={Diffusions, {M}arkov processes and martingales: {I}t{\^o} calculus},
  author={Rogers, L Chris G and Williams, David},
  volume={2},
  year={2000},
  publisher={Cambridge University Press}
}

%Nualart Malliavin calculus
@book{nualart2006malliavin,
  title={The {M}alliavin calculus and related topics},
  author={Nualart, David},
  volume={1995},
  year={2006},
  publisher={Springer}
}
%Stochastic calculus for finance II: Shreve
@book{shreve2004stochastic,
  title={Stochastic calculus for finance II: continuous-time models},
  author={Shreve, Steven E},
  volume={11},
  year={2004},
  publisher={Springer Science \& Business Media}
}

%---------------------------------------------------------------------------Articles----------------------------------------------------------------------------------
%----------------------------------------------------------------------------------------------------------------------------------------------------------------------
%----------------------------------------------------------------------------------------------------------------------------------------------------------------------

%yamada watanabe
@article{yamada1971uniqueness,
  title={On the uniqueness of solutions of stochastic differential equations},
  author={Yamada, Toshio and Watanabe, Shinzo and others},
  journal={Journal of Mathematics of Kyoto University},
  volume={11},
  number={1},
  pages={155--167},
  year={1971},
  publisher={Kyoto University}
}

%Girsanov original
@article{girsanov1960transforming,
  title={On transforming a certain class of stochastic processes by absolutely continuous substitution of measures},
  author={Girsanov, Igor Vladimirovich},
  journal={Theory of Probability \& Its Applications},
  volume={5},
  number={3},
  pages={285--301},
  year={1960},
  publisher={SIAM}
}







